@misc{back1,
  title = {Piece Movement},
  howpublished = {\url{https://docs.kde.org/trunk5/en/extragear-games/knights/piece-movement.html}},
  note = {Accessed: 2017-04-06}
}



@ARTICLE{back2,
    author = {Adam Berliner},
    title = {A Knight's Tour de Force},
    journal = {Math Horizons},
    volume = {18},
    number = {4},
    pages = {27-29},
    month = {April},
    year = {2011},
    doi = {10.4169/194762111x12986558508975},
}